%@misc{GolangSpec,
    author = {golang.org},
    title = {The Go Programming Language Specification},
    month = nov,
    year = {2013},
    howpublished = {\url{http://golang.org/ref/spec}},
}

    
